@techreport{brynjolfsson2023generative,
  title={Generative AI at work},
  author={Brynjolfsson, Erik and Li, Danielle and Raymond, Lindsey R},
  year={2023},
  institution={National Bureau of Economic Research}
}

@article{feuerriegel2024generative,
  title={Generative ai},
  author={Feuerriegel, Stefan and Hartmann, Jochen and Janiesch, Christian and Zschech, Patrick},
  journal={Business \& Information Systems Engineering},
  volume={66},
  number={1},
  pages={111--126},
  year={2024},
  publisher={Springer}
}

@article{zhang2023turing,
  title={From turing to transformers: A comprehensive review and tutorial on the evolution and applications of generative transformer models},
  author={Zhang, Emma Yann and Cheok, Adrian David and Pan, Zhigeng and Cai, Jun and Yan, Ying},
  journal={Sci},
  volume={5},
  number={4},
  pages={46},
  year={2023},
  publisher={MDPI}
}

@incollection{acemoglu2011skills,
  title={Skills, tasks and technologies: Implications for employment and earnings},
  author={Acemoglu, Daron and Autor, David},
  booktitle={Handbook of labor economics},
  volume={4},
  pages={1043--1171},
  year={2011},
  publisher={Elsevier}
}
@article{katz1992changes,
  title={Changes in relative wages, 1963--1987: supply and demand factors},
  author={Katz, Lawrence F and Murphy, Kevin M},
  journal={The quarterly journal of economics},
  volume={107},
  number={1},
  pages={35--78},
  year={1992},
  publisher={MIT Press}
}
@article{fischer2009michael,
  title={Michael Polanyi's republic of science: the tacit dimension},
  author={Fischer, Frank and Mandell, Alan},
  journal={Science as Culture},
  volume={18},
  number={1},
  pages={23--46},
  year={2009},
  publisher={Taylor \& Francis}
}
@inproceedings{nguyen2022empirical,
  title={An empirical evaluation of GitHub copilot's code suggestions},
  author={Nguyen, Nhan and Nadi, Sarah},
  booktitle={Proceedings of the 19th International Conference on Mining Software Repositories},
  pages={1--5},
  year={2022}
}
@article{shokrollahi2023comprehensive,
  title={A comprehensive review of generative AI in healthcare},
  author={Shokrollahi, Yasin and Yarmohammadtoosky, Sahar and Nikahd, Matthew M and Dong, Pengfei and Li, Xianqi and Gu, Linxia},
  journal={arXiv preprint arXiv:2310.00795},
  year={2023}
}
@inproceedings{levac2023mri,
  title={MRI reconstruction with side information using diffusion models},
  author={Levac, Brett and Jalal, Ajil and Ramchandran, Kannan and Tamir, Jonathan I},
  booktitle={2023 57th Asilomar Conference on Signals, Systems, and Computers},
  pages={1436--1442},
  year={2023},
  organization={IEEE}
}
@article{gungor2023adaptive,
  title={Adaptive diffusion priors for accelerated MRI reconstruction},
  author={G{\"u}ng{\"o}r, Alper and Dar, Salman UH and {\"O}zt{\"u}rk, {\c{S}}aban and Korkmaz, Yilmaz and Bedel, Hasan A and Elmas, Gokberk and Ozbey, Muzaffer and {\c{C}}ukur, Tolga},
  journal={Medical image analysis},
  volume={88},
  pages={102872},
  year={2023},
  publisher={Elsevier}
}
@inproceedings{xie2022measurement,
  title={Measurement-conditioned denoising diffusion probabilistic model for under-sampled medical image reconstruction},
  author={Xie, Yutong and Li, Quanzheng},
  booktitle={International Conference on Medical Image Computing and Computer-Assisted Intervention},
  pages={655--664},
  year={2022},
  organization={Springer}
}
@inproceedings{isola2017image,
  title={Image-to-image translation with conditional adversarial networks},
  author={Isola, Phillip and Zhu, Jun-Yan and Zhou, Tinghui and Efros, Alexei A},
  booktitle={Proceedings of the IEEE conference on computer vision and pattern recognition},
  pages={1125--1134},
  year={2017}
}
@article{chu2017cyclegan,
  title={Cyclegan, a master of steganography},
  author={Chu, Casey and Zhmoginov, Andrey and Sandler, Mark},
  journal={arXiv preprint arXiv:1712.02950},
  year={2017}
}
@article{ho2020denoising,
  title={Denoising diffusion probabilistic models},
  author={Ho, Jonathan and Jain, Ajay and Abbeel, Pieter},
  journal={Advances in neural information processing systems},
  volume={33},
  pages={6840--6851},
  year={2020}
}
@article{ozbey2023unsupervised,
  title={Unsupervised medical image translation with adversarial diffusion models},
  author={{\"O}zbey, Muzaffer and Dalmaz, Onat and Dar, Salman UH and Bedel, Hasan A and {\"O}zturk, {\c{S}}aban and G{\"u}ng{\"o}r, Alper and {\c{C}}ukur, Tolga},
  journal={IEEE Transactions on Medical Imaging},
  year={2023},
  publisher={IEEE}
}
@article{muller2023multimodal,
  title={A multimodal comparison of latent denoising diffusion probabilistic models and generative adversarial networks for medical image synthesis},
  author={M{\"u}ller-Franzes, Gustav and Niehues, Jan Moritz and Khader, Firas and Arasteh, Soroosh Tayebi and Haarburger, Christoph and Kuhl, Christiane and Wang, Tianci and Han, Tianyu and Nolte, Teresa and Nebelung, Sven and others},
  journal={Scientific Reports},
  volume={13},
  number={1},
  pages={12098},
  year={2023},
  publisher={Nature Publishing Group UK London}
}
@inproceedings{abdine2024prot2text,
  title={Prot2text: Multimodal protein’s function generation with gnns and transformers},
  author={Abdine, Hadi and Chatzianastasis, Michail and Bouyioukos, Costas and Vazirgiannis, Michalis},
  booktitle={Proceedings of the AAAI Conference on Artificial Intelligence},
  volume={38},
  number={10},
  pages={10757--10765},
  year={2024}
}
@article{cao2021tale,
  title={TALE: Transformer-based protein function Annotation with joint sequence--Label Embedding},
  author={Cao, Yue and Shen, Yang},
  journal={Bioinformatics},
  volume={37},
  number={18},
  pages={2825--2833},
  year={2021},
  publisher={Oxford University Press}
}
@article{oliveira2023temprot,
  title={TEMPROT: protein function annotation using transformers embeddings and homology search},
  author={Oliveira, Gabriel B and Pedrini, Helio and Dias, Zanoni},
  journal={BMC bioinformatics},
  volume={24},
  number={1},
  pages={242},
  year={2023},
  publisher={Springer}
}
@article{bengesi2024advancements,
  title={Advancements in Generative AI: A Comprehensive Review of GANs, GPT, Autoencoders, Diffusion Model, and Transformers.},
  author={Bengesi, Staphord and El-Sayed, Hoda and Sarker, Md Kamruzzaman and Houkpati, Yao and Irungu, John and Oladunni, Timothy},
  journal={IEEE Access},
  year={2024},
  publisher={IEEE}
}
@article{lecun1998gradient,
  title={Gradient-based learning applied to document recognition},
  author={LeCun, Yann and Bottou, L{\'e}on and Bengio, Yoshua and Haffner, Patrick},
  journal={Proceedings of the IEEE},
  volume={86},
  number={11},
  pages={2278--2324},
  year={1998},
  publisher={Ieee}
}
@article{hopfield1985neural,
  title={“Neural” computation of decisions in optimization problems},
  author={Hopfield, John J and Tank, David W},
  journal={Biological cybernetics},
  volume={52},
  number={3},
  pages={141--152},
  year={1985},
  publisher={Springer}
}
@article{hochreiter1997long,
  title={Long short-term memory},
  author={Hochreiter, Sepp and Schmidhuber, J{\"u}rgen},
  journal={Neural computation},
  volume={9},
  number={8},
  pages={1735--1780},
  year={1997},
  publisher={MIT press}
}
@article{goodfellow2020generative,
  title={Generative adversarial networks},
  author={Goodfellow, Ian and Pouget-Abadie, Jean and Mirza, Mehdi and Xu, Bing and Warde-Farley, David and Ozair, Sherjil and Courville, Aaron and Bengio, Yoshua},
  journal={Communications of the ACM},
  volume={63},
  number={11},
  pages={139--144},
  year={2020},
  publisher={ACM New York, NY, USA}
}
@article{brophy2023generative,
  title={Generative adversarial networks in time series: A systematic literature review},
  author={Brophy, Eoin and Wang, Zhengwei and She, Qi and Ward, Tom{\'a}s},
  journal={ACM Computing Surveys},
  volume={55},
  number={10},
  pages={1--31},
  year={2023},
  publisher={ACM New York, NY}
}
@article{zhou2023emerging,
  title={Emerging synergies in causality and deep generative models: A survey},
  author={Zhou, Guanglin and Xie, Shaoan and Hao, Guangyuan and Chen, Shiming and Huang, Biwei and Xu, Xiwei and Wang, Chen and Zhu, Liming and Yao, Lina and Zhang, Kun},
  journal={arXiv preprint arXiv:2301.12351},
  year={2023}
}
@article{han2022survey,
  title={A survey on vision transformer},
  author={Han, Kai and Wang, Yunhe and Chen, Hanting and Chen, Xinghao and Guo, Jianyuan and Liu, Zhenhua and Tang, Yehui and Xiao, An and Xu, Chunjing and Xu, Yixing and others},
  journal={IEEE transactions on pattern analysis and machine intelligence},
  volume={45},
  number={1},
  pages={87--110},
  year={2022},
  publisher={IEEE}
}
@article{vaswani2017attention,
  title={Attention is all you need},
  author={Vaswani, Ashish and Shazeer, Noam and Parmar, Niki and Uszkoreit, Jakob and Jones, Llion and Gomez, Aidan N and Kaiser, {\L}ukasz and Polosukhin, Illia},
  journal={Advances in neural information processing systems},
  volume={30},
  year={2017}
}
@article{kasneci2023chatgpt,
  title={ChatGPT for good? On opportunities and challenges of large language models for education},
  author={Kasneci, Enkelejda and Se{\ss}ler, Kathrin and K{\"u}chemann, Stefan and Bannert, Maria and Dementieva, Daryna and Fischer, Frank and Gasser, Urs and Groh, Georg and G{\"u}nnemann, Stephan and H{\"u}llermeier, Eyke and others},
  journal={Learning and individual differences},
  volume={103},
  pages={102274},
  year={2023},
  publisher={Elsevier}
}
@article{achiam2023gpt,
  title={Gpt-4 technical report},
  author={Achiam, Josh and Adler, Steven and Agarwal, Sandhini and Ahmad, Lama and Akkaya, Ilge and Aleman, Florencia Leoni and Almeida, Diogo and Altenschmidt, Janko and Altman, Sam and Anadkat, Shyamal and others},
  journal={arXiv preprint arXiv:2303.08774},
  year={2023}
}
@article{floridi2020gpt,
  title={GPT-3: Its nature, scope, limits, and consequences},
  author={Floridi, Luciano and Chiriatti, Massimo},
  journal={Minds and Machines},
  volume={30},
  pages={681--694},
  year={2020},
  publisher={Springer}
}
@article{henighan2020scaling,
  title={Scaling laws for autoregressive generative modeling},
  author={Henighan, Tom and Kaplan, Jared and Katz, Mor and Chen, Mark and Hesse, Christopher and Jackson, Jacob and Jun, Heewoo and Brown, Tom B and Dhariwal, Prafulla and Gray, Scott and others},
  journal={arXiv preprint arXiv:2010.14701},
  year={2020}
}
@article{chen2021evaluating,
  title={Evaluating large language models trained on code},
  author={Chen, Mark and Tworek, Jerry and Jun, Heewoo and Yuan, Qiming and Pinto, Henrique Ponde De Oliveira and Kaplan, Jared and Edwards, Harri and Burda, Yuri and Joseph, Nicholas and Brockman, Greg and others},
  journal={arXiv preprint arXiv:2107.03374},
  year={2021}
}
@article{waisberg2023bridging,
  title={Bridging artificial intelligence in medicine with generative pre-trained transformer (GPT) technology},
  author={Waisberg, Ethan and Ong, Joshua and Kamran, Sharif Amit and Masalkhi, Mouayad and Zaman, Nasif and Sarker, Prithul and Lee, Andrew G and Tavakkoli, Alireza},
  journal={Journal of Medical Artificial Intelligence},
  volume={6},
  year={2023},
  publisher={AME Publishing Company}
}
@article{masalkhi2024google,
  title={Google DeepMind’s gemini AI versus ChatGPT: A comparative analysis in ophthalmology},
  author={Masalkhi, Mouayad and Ong, Joshua and Waisberg, Ethan and Lee, Andrew G},
  journal={Eye},
  pages={1--6},
  year={2024},
  publisher={Nature Publishing Group UK London}
}
@article{kocon2023chatgpt,
  title={ChatGPT: Jack of all trades, master of none},
  author={Koco{\'n}, Jan and Cichecki, Igor and Kaszyca, Oliwier and Kochanek, Mateusz and Szyd{\l}o, Dominika and Baran, Joanna and Bielaniewicz, Julita and Gruza, Marcin and Janz, Arkadiusz and Kanclerz, Kamil and others},
  journal={Information Fusion},
  volume={99},
  pages={101861},
  year={2023},
  publisher={Elsevier}
}
@article{jeyaraman2023chatgpt,
  title={ChatGPT in action: Harnessing artificial intelligence potential and addressing ethical challenges in medicine, education, and scientific research},
  author={Jeyaraman, Madhan and Ramasubramanian, Swaminathan and Balaji, Sangeetha and Jeyaraman, Naveen and Nallakumarasamy, Arulkumar and Sharma, Shilpa},
  journal={World Journal of Methodology},
  volume={13},
  number={4},
  pages={170},
  year={2023},
  publisher={Baishideng Publishing Group Inc}
}
@article{waisberg2023chatgpt,
  title={ChatGPT and medical education: a new frontier for emerging physicians},
  author={Waisberg, Ethan and Ong, Joshua and Masalkhi, Mouayad and Zaman, Nasif and Kamran, Sharif Amit and Sarker, Prithul and Lee, Andrew G and Tavakkoli, Alireza},
  journal={Canadian Medical Education Journal},
  volume={14},
  number={6},
  pages={128},
  year={2023},
  publisher={University of Saskatchewan}
}
@article{chen2023fiction,
  title={From fiction to fact: the growing role of generative AI in business and finance},
  author={Chen, Boyang and Wu, Zongxiao and Zhao, Ruoran},
  journal={Journal of Chinese Economic and Business Studies},
  volume={21},
  number={4},
  pages={471--496},
  year={2023},
  publisher={Taylor \& Francis}
}
@ARTICLE{10198233,
  author={Gupta, Maanak and Akiri, Charankumar and Aryal, Kshitiz and Parker, Eli and Praharaj, Lopamudra},
  journal={IEEE Access}, 
  title={From ChatGPT to ThreatGPT: Impact of Generative AI in Cybersecurity and Privacy}, 
  year={2023},
  volume={11},
  number={},
  pages={80218-80245},
  keywords={Chatbots;Artificial intelligence;Computer security;Hidden Markov models;Privacy;Ethics;Switches;Generative adversarial networks;Generative AI;GenAI and cybersecurity;ChatGPT;Google bard;cyber offense;cyber defense;ethical GenAI;privacy;artificial intelligence;cybersecurity;jailbreaking},
  doi={10.1109/ACCESS.2023.3300381}}
@article{calbimonte2023powershell,
    author = {Calbimonte},
    title = {ChatGPT and PowerShell – Some practical examples},
    journal = {SQL Server Central},
    year = {2023}
}
@article{zheng2024large,
  title={Large Language Models for Medicine: A Survey},
  author={Zheng, Yanxin and Gan, Wensheng and Chen, Zefeng and Qi, Zhenlian and Liang, Qian and Yu, Philip S},
  journal={arXiv preprint arXiv:2405.13055},
  year={2024}
}
@article{huang2023chatgpt,
  title={ChatGPT for shaping the future of dentistry: the potential of multi-modal large language model},
  author={Huang, Hanyao and Zheng, Ou and Wang, Dongdong and Yin, Jiayi and Wang, Zijin and Ding, Shengxuan and Yin, Heng and Xu, Chuan and Yang, Renjie and Zheng, Qian and others},
  journal={International Journal of Oral Science},
  volume={15},
  number={1},
  pages={29},
  year={2023},
  publisher={Nature Publishing Group UK London}
}
@article{d2024large,
  title={Large language models in radiology: fundamentals, applications, ethical considerations, risks, and future directions},
  author={D’Antonoli, Tugba Akinci and Stanzione, Arnaldo and Bluethgen, Christian and Vernuccio, Federica and Ugga, Lorenzo and Klontzas, Michail E and Cuocolo, Renato and Cannella, Roberto and Ko{\c{c}}ak, Burak},
  journal={Diagnostic and Interventional Radiology},
  volume={30},
  number={2},
  pages={80},
  year={2024},
  publisher={Turkish Society of Radiology}
}
@article{wang2023huatuo,
  title={Huatuo: Tuning llama model with chinese medical knowledge},
  author={Wang, Haochun and Liu, Chi and Xi, Nuwa and Qiang, Zewen and Zhao, Sendong and Qin, Bing and Liu, Ting},
  journal={arXiv preprint arXiv:2304.06975},
  year={2023}
}
@article{singhal2023large,
  title={Large language models encode clinical knowledge},
  author={Singhal, Karan and Azizi, Shekoofeh and Tu, Tao and Mahdavi, S Sara and Wei, Jason and Chung, Hyung Won and Scales, Nathan and Tanwani, Ajay and Cole-Lewis, Heather and Pfohl, Stephen and others},
  journal={Nature},
  volume={620},
  number={7972},
  pages={172--180},
  year={2023},
  publisher={Nature Publishing Group}
}
@article{chakraborty2023artificial,
  title={Artificial intelligence enabled ChatGPT and large language models in drug target discovery, drug discovery, and development},
  author={Chakraborty, Chiranjib and Bhattacharya, Manojit and Lee, Sang-Soo},
  journal={Molecular Therapy-Nucleic Acids},
  volume={33},
  pages={866--868},
  year={2023},
  publisher={Elsevier}
}
@article{omiye2024large,
  title={Large language models in medicine: the potentials and pitfalls: a narrative review},
  author={Omiye, Jesutofunmi A and Gui, Haiwen and Rezaei, Shawheen J and Zou, James and Daneshjou, Roxana},
  journal={Annals of Internal Medicine},
  volume={177},
  number={2},
  pages={210--220},
  year={2024},
  publisher={American College of Physicians}
}
@article{puladi2023impact,
  title={The impact and opportunities of large language models like ChatGPT in oral and maxillofacial surgery: a narrative review},
  author={Puladi, B and Gsaxner, C and Kleesiek, J and H{\"o}lzle, F and R{\"o}hrig, R and Egger, J},
  journal={International journal of oral and maxillofacial surgery},
  year={2023},
  publisher={Elsevier}
}
@article{grunebaum2023exciting,
  title={The exciting potential for ChatGPT in obstetrics and gynecology},
  author={Gr{\"u}nebaum, Amos and Chervenak, Joseph and Pollet, Susan L and Katz, Adi and Chervenak, Frank A},
  journal={American Journal of Obstetrics and Gynecology},
  volume={228},
  number={6},
  pages={696--705},
  year={2023},
  publisher={Elsevier}
}
@article{schwartz2024black,
  title={Black box warning: large language models and the future of infectious diseases consultation},
  author={Schwartz, Ilan S and Link, Katherine E and Daneshjou, Roxana and Cort{\'e}s-Penfield, Nicol{\'a}s},
  journal={Clinical infectious diseases},
  volume={78},
  number={4},
  pages={860--866},
  year={2024},
  publisher={Oxford University Press US}
}
@article{feldman2019development,
  title={Development of a global infectious disease activity database using natural language processing, machine learning, and human expertise},
  author={Feldman, Joshua and Thomas-Bachli, Andrea and Forsyth, Jack and Patel, Zaki Hasnain and Khan, Kamran},
  journal={Journal of the American Medical Informatics Association},
  volume={26},
  number={11},
  pages={1355--1359},
  year={2019},
  publisher={Oxford University Press}
}
@article{biswas2023role,
  title={Role of chat gpt in public health},
  author={Biswas, Som S},
  journal={Annals of biomedical engineering},
  volume={51},
  number={5},
  pages={868--869},
  year={2023},
  publisher={Springer}
}
@article{lee2020biobert,
  title={BioBERT: a pre-trained biomedical language representation model for biomedical text mining},
  author={Lee, Jinhyuk and Yoon, Wonjin and Kim, Sungdong and Kim, Donghyeon and Kim, Sunkyu and So, Chan Ho and Kang, Jaewoo},
  journal={Bioinformatics},
  volume={36},
  number={4},
  pages={1234--1240},
  year={2020},
  publisher={Oxford University Press}
}
@article{luo2022biogpt,
  title={BioGPT: generative pre-trained transformer for biomedical text generation and mining},
  author={Luo, Renqian and Sun, Liai and Xia, Yingce and Qin, Tao and Zhang, Sheng and Poon, Hoifung and Liu, Tie-Yan},
  journal={Briefings in bioinformatics},
  volume={23},
  number={6},
  pages={bbac409},
  year={2022},
  publisher={Oxford University Press}
}
@article{kraljevic2021medgpt,
  title={MedGPT: Medical concept prediction from clinical narratives},
  author={Kraljevic, Zeljko and Shek, Anthony and Bean, Daniel and Bendayan, Rebecca and Teo, James and Dobson, Richard},
  journal={arXiv preprint arXiv:2107.03134},
  year={2021}
}
@article{shi2023llm,
  title={Llm-mini-cex: Automatic evaluation of large language model for diagnostic conversation},
  author={Shi, Xiaoming and Xu, Jie and Ding, Jinru and Pang, Jiali and Liu, Sichen and Luo, Shuqing and Peng, Xingwei and Lu, Lu and Yang, Haihong and Hu, Mingtao and others},
  journal={arXiv preprint arXiv:2308.07635},
  year={2023}
}
@article{zhou2023skingpt,
  title={SkinGPT-4: an interactive dermatology diagnostic system with visual large language model},
  author={Zhou, Juexiao and He, Xiaonan and Sun, Liyuan and Xu, Jiannan and Chen, Xiuying and Chu, Yuetan and Zhou, Longxi and Liao, Xingyu and Zhang, Bin and Gao, Xin},
  journal={arXiv preprint arXiv:2304.10691},
  year={2023}
}
@article{xiong2023doctorglm,
  title={Doctorglm: Fine-tuning your chinese doctor is not a herculean task},
  author={Xiong, Honglin and Wang, Sheng and Zhu, Yitao and Zhao, Zihao and Liu, Yuxiao and Huang, Linlin and Wang, Qian and Shen, Dinggang},
  journal={arXiv preprint arXiv:2304.01097},
  year={2023}
}
@article{wang2023clinicalgpt,
  title={ClinicalGPT: large language models finetuned with diverse medical data and comprehensive evaluation},
  author={Wang, Guangyu and Yang, Guoxing and Du, Zongxin and Fan, Longjun and Li, Xiaohu},
  journal={arXiv preprint arXiv:2306.09968},
  year={2023}
}
@article{lin2022pangu,
  title={PanGu Drug Model: learn a molecule like a human},
  author={Lin, Xinyuan and Xu, Chi and Xiong, Zhaoping and Zhang, Xinfeng and Ni, Ningxi and Ni, Bolin and Chang, Jianlong and Pan, Ruiqing and Wang, Zidong and Yu, Fan and others},
  journal={Biorxiv},
  pages={2022--03},
  year={2022},
  publisher={Cold Spring Harbor Laboratory}
}
@article{fang2023method,
  title={A method for multiple-sequence-alignment-free protein structure prediction using a protein language model},
  author={Fang, Xiaomin and Wang, Fan and Liu, Lihang and He, Jingzhou and Lin, Dayong and Xiang, Yingfei and Zhu, Kunrui and Zhang, Xiaonan and Wu, Hua and Li, Hui and others},
  journal={Nature Machine Intelligence},
  volume={5},
  number={10},
  pages={1087--1096},
  year={2023},
  publisher={Nature Publishing Group UK London}
}
@article{mao2023transformer,
  title={Transformer-based molecular generative model for antiviral drug design},
  author={Mao, Jiashun and Wang, Jianmin and Zeb, Amir and Cho, Kwang-Hwi and Jin, Haiyan and Kim, Jongwan and Lee, Onju and Wang, Yunyun and No, Kyoung Tai},
  journal={Journal of chemical information and modeling},
  volume={64},
  number={7},
  pages={2733--2745},
  year={2023},
  publisher={ACS Publications}
}
@article{luo2023towards,
  title={Towards unified ai drug discovery with multiple knowledge modalities},
  author={Luo, Yizhen and Liu, Xing Yi and Yang, Kai and Huang, Kui and Hong, Massimo and Zhang, Jiahuan and Wu, Yushuai and Nie, Zaiqing},
  journal={arXiv preprint arXiv:2305.01523},
  year={2023}
}
@article{zhu2021dsi,
  title={DSI-Net: Deep synergistic interaction network for joint classification and segmentation with endoscope images},
  author={Zhu, Meilu and Chen, Zhen and Yuan, Yixuan},
  journal={IEEE Transactions on Medical Imaging},
  volume={40},
  number={12},
  pages={3315--3325},
  year={2021},
  publisher={IEEE}
}
@article{lei2023medlsam,
  title={Medlsam: Localize and segment anything model for 3d medical images},
  author={Lei, Wenhui and Wei, Xu and Zhang, Xiaofan and Li, Kang and Zhang, Shaoting},
  journal={arXiv preprint arXiv:2306.14752},
  year={2023}
}
@article{li2023lvit,
  title={Lvit: language meets vision transformer in medical image segmentation},
  author={Li, Zihan and Li, Yunxiang and Li, Qingde and Wang, Puyang and Guo, Dazhou and Lu, Le and Jin, Dakai and Zhang, You and Hong, Qingqi},
  journal={IEEE transactions on medical imaging},
  year={2023},
  publisher={IEEE}
}
@article{koleilat2024medclip,
  title={MedCLIP-SAM: Bridging text and image towards universal medical image segmentation},
  author={Koleilat, Taha and Asgariandehkordi, Hojat and Rivaz, Hassan and Xiao, Yiming},
  journal={arXiv preprint arXiv:2403.20253},
  year={2024}
}
@article{li2023chatdoctor,
  title={Chatdoctor: A medical chat model fine-tuned on a large language model meta-ai (llama) using medical domain knowledge},
  author={Li, Yunxiang and Li, Zihan and Zhang, Kai and Dan, Ruilong and Jiang, Steve and Zhang, You},
  journal={Cureus},
  volume={15},
  number={6},
  year={2023},
  publisher={Cureus Inc.}
}
@article{bao2023disc,
  title={Disc-medllm: Bridging general large language models and real-world medical consultation},
  author={Bao, Zhijie and Chen, Wei and Xiao, Shengze and Ren, Kuang and Wu, Jiaao and Zhong, Cheng and Peng, Jiajie and Huang, Xuanjing and Wei, Zhongyu},
  journal={arXiv preprint arXiv:2308.14346},
  year={2023}
}
@article{chen2023bianque,
  title={Bianque: Balancing the questioning and suggestion ability of health llms with multi-turn health conversations polished by chatgpt},
  author={Chen, Yirong and Wang, Zhenyu and Xing, Xiaofen and Xu, Zhipei and Fang, Kai and Wang, Junhong and Li, Sihang and Wu, Jieling and Liu, Qi and Xu, Xiangmin and others},
  journal={arXiv preprint arXiv:2310.15896},
  year={2023}
}
@article{qiu2023smile,
  title={Smile: Single-turn to multi-turn inclusive language expansion via chatgpt for mental health support},
  author={Qiu, Huachuan and He, Hongliang and Zhang, Shuai and Li, Anqi and Lan, Zhenzhong},
  journal={arXiv preprint arXiv:2305.00450},
  year={2023}
}
@article{wu2024pmc,
  title={PMC-LLaMA: toward building open-source language models for medicine},
  author={Wu, Chaoyi and Lin, Weixiong and Zhang, Xiaoman and Zhang, Ya and Xie, Weidi and Wang, Yanfeng},
  journal={Journal of the American Medical Informatics Association},
  pages={ocae045},
  year={2024},
  publisher={Oxford University Press}
}
@article{liu2023medical,
  title={A medical multimodal large language model for future pandemics},
  author={Liu, Fenglin and Zhu, Tingting and Wu, Xian and Yang, Bang and You, Chenyu and Wang, Chenyang and Lu, Lei and Liu, Zhangdaihong and Zheng, Yefeng and Sun, Xu and others},
  journal={NPJ Digital Medicine},
  volume={6},
  number={1},
  pages={226},
  year={2023},
  publisher={Nature Publishing Group UK London}
}
@article{he2024pefomed,
  title={Pefomed: Parameter efficient fine-tuning on multimodal large language models for medical visual question answering},
  author={He, Jinlong and Li, Pengfei and Liu, Gang and Zhao, Zixu and Zhong, Shenjun},
  journal={arXiv preprint arXiv:2401.02797},
  year={2024}
}
@article{wang2021cloud,
  title={Cloud-based intelligent self-diagnosis and department recommendation service using Chinese medical BERT},
  author={Wang, Junshu and Zhang, Guoming and Wang, Wei and Zhang, Ka and Sheng, Yehua},
  journal={Journal of Cloud Computing},
  volume={10},
  number={1},
  pages={4},
  year={2021},
  publisher={Springer}
}
@article{yang2022large,
  title={A large language model for electronic health records},
  author={Yang, Xi and Chen, Aokun and PourNejatian, Nima and Shin, Hoo Chang and Smith, Kaleb E and Parisien, Christopher and Compas, Colin and Martin, Cheryl and Costa, Anthony B and Flores, Mona G and others},
  journal={NPJ digital medicine},
  volume={5},
  number={1},
  pages={194},
  year={2022},
  publisher={Nature Publishing Group UK London}
}
@article{yao2024survey,
  title={A survey on large language model (llm) security and privacy: The good, the bad, and the ugly},
  author={Yao, Yifan and Duan, Jinhao and Xu, Kaidi and Cai, Yuanfang and Sun, Zhibo and Zhang, Yue},
  journal={High-Confidence Computing},
  pages={100211},
  year={2024},
  publisher={Elsevier}
}
@inproceedings{talat2022you,
  title={You reap what you sow: On the challenges of bias evaluation under multilingual settings},
  author={Talat, Zeerak and N{\'e}v{\'e}ol, Aur{\'e}lie and Biderman, Stella and Clinciu, Miruna and Dey, Manan and Longpre, Shayne and Luccioni, Sasha and Masoud, Maraim and Mitchell, Margaret and Radev, Dragomir and others},
  booktitle={Proceedings of BigScience Episode\# 5--Workshop on Challenges \& Perspectives in Creating Large Language Models},
  pages={26--41},
  year={2022}
}
@article{urchs2023prevalent,
  title={How Prevalent is Gender Bias in ChatGPT?--Exploring German and English ChatGPT Responses},
  author={Urchs, Stefanie and Thurner, Veronika and A{\ss}enmacher, Matthias and Heumann, Christian and Thiemichen, Stephanie},
  journal={arXiv preprint arXiv:2310.03031},
  year={2023}
}
@article{dong2023probing,
  title={Probing explicit and implicit gender bias through llm conditional text generation},
  author={Dong, Xiangjue and Wang, Yibo and Yu, Philip S and Caverlee, James},
  journal={arXiv preprint arXiv:2311.00306},
  year={2023}
}
@inproceedings{kotek2023gender,
  title={Gender bias and stereotypes in large language models},
  author={Kotek, Hadas and Dockum, Rikker and Sun, David},
  booktitle={Proceedings of the ACM collective intelligence conference},
  pages={12--24},
  year={2023}
}
@article{felkner2023winoqueer,
  title={Winoqueer: A community-in-the-loop benchmark for anti-lgbtq+ bias in large language models},
  author={Felkner, Virginia K and Chang, Ho-Chun Herbert and Jang, Eugene and May, Jonathan},
  journal={arXiv preprint arXiv:2306.15087},
  year={2023}
}
@article{shaikh2022second,
  title={On second thought, let's not think step by step! Bias and toxicity in zero-shot reasoning},
  author={Shaikh, Omar and Zhang, Hongxin and Held, William and Bernstein, Michael and Yang, Diyi},
  journal={arXiv preprint arXiv:2212.08061},
  year={2022}
}
@article{urman2023silence,
  title={The silence of the LLMs: Cross-lingual analysis of political bias and false information prevalence in ChatGPT, Google Bard, and Bing Chat},
  author={Urman, Aleksandra and Makhortykh, Mykola},
  year={2023},
  publisher={OSF Preprints}
}
@article{su2023fake,
  title={Fake news detectors are biased against texts generated by large language models},
  author={Su, Jinyan and Zhuo, Terry Yue and Mansurov, Jonibek and Wang, Di and Nakov, Preslav},
  journal={arXiv preprint arXiv:2309.08674},
  year={2023}
}
@article{wan2023kelly,
  title={" kelly is a warm person, joseph is a role model": Gender biases in llm-generated reference letters},
  author={Wan, Yixin and Pu, George and Sun, Jiao and Garimella, Aparna and Chang, Kai-Wei and Peng, Nanyun},
  journal={arXiv preprint arXiv:2310.09219},
  year={2023}
}
@article{fang2024bias,
  title={Bias of AI-generated content: an examination of news produced by large language models},
  author={Fang, Xiao and Che, Shangkun and Mao, Minjia and Zhang, Hongzhe and Zhao, Ming and Zhao, Xiaohang},
  journal={Scientific Reports},
  volume={14},
  number={1},
  pages={5224},
  year={2024},
  publisher={Nature Publishing Group UK London}
}
@article{poremba2023chatgpt,
  title={ChatGPT confirms data breach, raising security concerns},
  author={Poremba, S},
  journal={Retrieved from Security Intelligence website: https://securityintelligence. com/articles/chatgpt-confirms-data-breach},
  year={2023}
}
@article{maddison2023samsung,
  title={Samsung workers made a major error by using ChatGPT},
  author={Maddison, Lewis},
  journal={techradar pro, available at: www. techradar. com/news/samsung-workers-leaked-company-secrets-by-using-chatgpt (accessed 29 May 2023)},
  year={2023}
}
@article{burgess2023chatgpt,
  title={CHATGPT has a big privacy problem},
  author={Burgess, Matt},
  journal={WIRED. April},
  volume={4},
  pages={2023},
  year={2023}
}
@article{brown2020language,
  title={Language models are few-shot learners},
  author={Brown, Tom and Mann, Benjamin and Ryder, Nick and Subbiah, Melanie and Kaplan, Jared D and Dhariwal, Prafulla and Neelakantan, Arvind and Shyam, Pranav and Sastry, Girish and Askell, Amanda and others},
  journal={Advances in neural information processing systems},
  volume={33},
  pages={1877--1901},
  year={2020}
}
@article{liang2022holistic,
  title={Holistic evaluation of language models},
  author={Liang, Percy and Bommasani, Rishi and Lee, Tony and Tsipras, Dimitris and Soylu, Dilara and Yasunaga, Michihiro and Zhang, Yian and Narayanan, Deepak and Wu, Yuhuai and Kumar, Ananya and others},
  journal={arXiv preprint arXiv:2211.09110},
  year={2022}
}
@article{devlin2018bert,
  title={Bert: Pre-training of deep bidirectional transformers for language understanding},
  author={Devlin, Jacob and Chang, Ming-Wei and Lee, Kenton and Toutanova, Kristina},
  journal={arXiv preprint arXiv:1810.04805},
  year={2018}
}
@article{raffel2020exploring,
  title={Exploring the limits of transfer learning with a unified text-to-text transformer},
  author={Raffel, Colin and Shazeer, Noam and Roberts, Adam and Lee, Katherine and Narang, Sharan and Matena, Michael and Zhou, Yanqi and Li, Wei and Liu, Peter J},
  journal={Journal of machine learning research},
  volume={21},
  number={140},
  pages={1--67},
  year={2020}
}
@article{narang2022pathways,
  title={Pathways language model (palm): Scaling to 540 billion parameters for breakthrough performance},
  author={Narang, Sharan and Chowdhery, Aakanksha},
  journal={Google AI Blog},
  year={2022}
}
@article{meta2023introducing,
  title={Introducing LLaMA: A foundational, 65-billion-parameter large language model},
  author={Meta, AI},
  journal={Meta AI},
  year={2023}
}
@article{keskar2019ctrl,
  title={Ctrl: A conditional transformer language model for controllable generation},
  author={Keskar, Nitish Shirish and McCann, Bryan and Varshney, Lav R and Xiong, Caiming and Socher, Richard},
  journal={arXiv preprint arXiv:1909.05858},
  year={2019}
}
@article{DBLP:journals/corr/abs-1907-07844,
  author       = {Yu{-}Xiong Wang and
                  Deva Ramanan and
                  Martial Hebert},
  title        = {Growing a Brain: Fine-Tuning by Increasing Model Capacity},
  journal      = {CoRR},
  volume       = {abs/1907.07844},
  year         = {2019},
  url          = {http://arxiv.org/abs/1907.07844},
  eprinttype    = {arXiv},
  eprint       = {1907.07844},
  timestamp    = {Tue, 23 Jul 2019 10:54:22 +0200},
  biburl       = {https://dblp.org/rec/journals/corr/abs-1907-07844.bib},
  bibsource    = {dblp computer science bibliography, https://dblp.org}
}
@article{hinton2006reducing,
  title={Reducing the dimensionality of data with neural networks},
  author={Hinton, Geoffrey E and Salakhutdinov, Ruslan R},
  journal={science},
  volume={313},
  number={5786},
  pages={504--507},
  year={2006},
  publisher={American Association for the Advancement of Science}
}
@inproceedings{zeiler2014visualizing,
  title={Visualizing and understanding convolutional networks},
  author={Zeiler, Matthew D and Fergus, Rob},
  booktitle={Computer Vision--ECCV 2014: 13th European Conference, Zurich, Switzerland, September 6-12, 2014, Proceedings, Part I 13},
  pages={818--833},
  year={2014},
  organization={Springer}
}
@inproceedings{girshick2014rich,
  title={Rich feature hierarchies for accurate object detection and semantic segmentation},
  author={Girshick, Ross and Donahue, Jeff and Darrell, Trevor and Malik, Jitendra},
  booktitle={Proceedings of the IEEE conference on computer vision and pattern recognition},
  pages={580--587},
  year={2014}
}
@article{krizhevsky2017imagenet,
  title={ImageNet classification with deep convolutional neural networks},
  author={Krizhevsky, Alex and Sutskever, Ilya and Hinton, Geoffrey E},
  journal={Communications of the ACM},
  volume={60},
  number={6},
  pages={84--90},
  year={2017},
  publisher={AcM New York, NY, USA}
}
@article{russakovsky2015imagenet,
  title={Imagenet large scale visual recognition challenge},
  author={Russakovsky, Olga and Deng, Jia and Su, Hao and Krause, Jonathan and Satheesh, Sanjeev and Ma, Sean and Huang, Zhiheng and Karpathy, Andrej and Khosla, Aditya and Bernstein, Michael and others},
  journal={International journal of computer vision},
  volume={115},
  pages={211--252},
  year={2015},
  publisher={Springer}
}
@article{xiao2016sun,
  title={Sun database: Exploring a large collection of scene categories},
  author={Xiao, Jianxiong and Ehinger, Krista A and Hays, James and Torralba, Antonio and Oliva, Aude},
  journal={International Journal of Computer Vision},
  volume={119},
  pages={3--22},
  year={2016},
  publisher={Springer}
}
@misc{pu2023empiricalanalysisstrengthsweaknesses,
      title={Empirical Analysis of the Strengths and Weaknesses of PEFT Techniques for LLMs}, 
      author={George Pu and Anirudh Jain and Jihan Yin and Russell Kaplan},
      year={2023},
      eprint={2304.14999},
      archivePrefix={arXiv},
      primaryClass={cs.CL},
      url={https://arxiv.org/abs/2304.14999}, 
}
@article{mao2021unipelt,
  title={Unipelt: A unified framework for parameter-efficient language model tuning},
  author={Mao, Yuning and Mathias, Lambert and Hou, Rui and Almahairi, Amjad and Ma, Hao and Han, Jiawei and Yih, Wen-tau and Khabsa, Madian},
  journal={arXiv preprint arXiv:2110.07577},
  year={2021}
}
@article{chung2024scaling,
  title={Scaling instruction-finetuned language models},
  author={Chung, Hyung Won and Hou, Le and Longpre, Shayne and Zoph, Barret and Tay, Yi and Fedus, William and Li, Yunxuan and Wang, Xuezhi and Dehghani, Mostafa and Brahma, Siddhartha and others},
  journal={Journal of Machine Learning Research},
  volume={25},
  number={70},
  pages={1--53},
  year={2024}
}
@article{zhang2015character,
  title={Character-level convolutional networks for text classification},
  author={Zhang, Xiang and Zhao, Junbo and LeCun, Yann},
  journal={Advances in neural information processing systems},
  volume={28},
  year={2015}
}
@article{warstadt2019neural,
  title={Neural network acceptability judgments},
  author={Warstadt, Alex and Singh, Amanpreet and Bowman, Samuel R},
  journal={Transactions of the Association for Computational Linguistics},
  volume={7},
  pages={625--641},
  year={2019},
  publisher={MIT Press One Rogers Street, Cambridge, MA 02142-1209, USA journals-info~…}
}
@article{novikova2017e2e,
  title={The E2E dataset: New challenges for end-to-end generation},
  author={Novikova, Jekaterina and Du{\v{s}}ek, Ond{\v{r}}ej and Rieser, Verena},
  journal={arXiv preprint arXiv:1706.09254},
  year={2017}
}
@article{gliwa2019samsum,
  title={SAMSum corpus: A human-annotated dialogue dataset for abstractive summarization},
  author={Gliwa, Bogdan and Mochol, Iwona and Biesek, Maciej and Wawer, Aleksander},
  journal={arXiv preprint arXiv:1911.12237},
  year={2019}
}
@inproceedings{cuconasu2024power,
  title={The power of noise: Redefining retrieval for rag systems},
  author={Cuconasu, Florin and Trappolini, Giovanni and Siciliano, Federico and Filice, Simone and Campagnano, Cesare and Maarek, Yoelle and Tonellotto, Nicola and Silvestri, Fabrizio},
  booktitle={Proceedings of the 47th International ACM SIGIR Conference on Research and Development in Information Retrieval},
  pages={719--729},
  year={2024}
}
@article{salton1983introduction,
  title={Introduction to modern information retrieval},
  author={Salton, Gerard},
  journal={McGraw-Hill},
  year={1983}
}
@article{karpukhin2020dense,
  title={Dense passage retrieval for open-domain question answering},
  author={Karpukhin, Vladimir and O{\u{g}}uz, Barlas and Min, Sewon and Lewis, Patrick and Wu, Ledell and Edunov, Sergey and Chen, Danqi and Yih, Wen-tau},
  journal={arXiv preprint arXiv:2004.04906},
  year={2020}
}
@article{lewis2020retrieval,
  title={Retrieval-augmented generation for knowledge-intensive nlp tasks},
  author={Lewis, Patrick and Perez, Ethan and Piktus, Aleksandra and Petroni, Fabio and Karpukhin, Vladimir and Goyal, Naman and K{\"u}ttler, Heinrich and Lewis, Mike and Yih, Wen-tau and Rockt{\"a}schel, Tim and others},
  journal={Advances in Neural Information Processing Systems},
  volume={33},
  pages={9459--9474},
  year={2020}
}
@article{mialon2023augmented,
  title={Augmented language models: a survey},
  author={Mialon, Gr{\'e}goire and Dess{\`\i}, Roberto and Lomeli, Maria and Nalmpantis, Christoforos and Pasunuru, Ram and Raileanu, Roberta and Rozi{\`e}re, Baptiste and Schick, Timo and Dwivedi-Yu, Jane and Celikyilmaz, Asli and others},
  journal={arXiv preprint arXiv:2302.07842},
  year={2023}
}
@misc{databricks2024rag,
  author       = {Databricks},
  title        = {Retrieval Augmented Generation},
  url          = {https://www.databricks.com/glossary/retrieval-augmented-generation-rag},
  year         = {2024},  
  note         = {Accessed: 12 August 2024}
}
@book{turing2009computing,
  title={Computing machinery and intelligence},
  author={Turing, Alan M},
  year={2009},
  publisher={Springer}
}
@article{turing2004intelligent,
  title={Intelligent machinery (1948)},
  author={Turing, Alan},
  journal={B. Jack Copeland},
  pages={395},
  year={2004}
}